@techreport{wef2024multiagent,
  title={Future of Work in the Age of AI: Multi-Agent Systems and Collaborative Intelligence},
  author={{World Economic Forum}},
  institution={World Economic Forum},
  year={2024},
  url={https://www.weforum.org/reports/future-of-work-ai-multi-agent-systems/}
}

@article{cooperative2024risks,
  title={Novel Risks in Multi-Agent AI Systems: Security and Collaboration Challenges},
  author={{Cooperative AI Foundation}},
  journal={AI Safety Research},
  year={2024},
  volume={12},
  number={3},
  pages={45--62}
}

@inproceedings{multiagent2024compliance,
  title={Automated Compliance Monitoring in Multi-Agent Systems: Real-Time Processing and Adaptive Learning},
  author={Smith, J. and Johnson, A. and Chen, L.},
  booktitle={Proceedings of the International Conference on Autonomous Agents and Multiagent Systems},
  pages={234--241},
  year={2024},
  organization={ACM}
}

@article{trust2024marl,
  title={Trust-Aware Multi-Agent Reinforcement Learning for Collaborative Decision Making},
  author={Zhang, W. and Kumar, R. and Patel, S.},
  journal={Journal of Artificial Intelligence Research},
  volume={78},
  pages={123--145},
  year={2024}
}

@techreport{gov2024ai,
  title={AI in Government: Regulatory Enforcement and Accountability Frameworks},
  author={{Government Accountability Office}},
  institution={U.S. Government Accountability Office},
  year={2024},
  number={GAO-24-456}
}

@article{gaas2024org,
  title={Governance-as-a-Service: Automated Policy Enforcement in Enterprise Environments},
  author={Williams, M. and Brown, K. and Davis, R.},
  journal={IEEE Transactions on Services Computing},
  volume={17},
  number={2},
  pages={89--102},
  year={2024},
  publisher={IEEE}
}

@inproceedings{fastapi2023,
  title={FastAPI: Modern, Fast Web Framework for Building APIs with Python},
  author={Ramirez, S.},
  booktitle={Proceedings of the Python Web Conference},
  pages={12--18},
  year={2023}
}

@book{pydantic2023,
  title={Data Validation and Settings Management Using Python Type Hints},
  author={Colvin, S.},
  publisher={O'Reilly Media},
  year={2023}
}

@article{restful2023governance,
  title={RESTful API Design Patterns for Distributed Governance Systems},
  author={Thompson, A. and Lee, H.},
  journal={ACM Computing Surveys},
  volume={56},
  number={4},
  pages={1--28},
  year={2023},
  publisher={ACM}
}

@inproceedings{aigovernance2023,
  title={Challenges and Opportunities in AI System Governance: A Survey},
  author={Martinez, C. and Anderson, P. and Wilson, J.},
  booktitle={Proceedings of the AAAI Conference on Artificial Intelligence},
  volume={37},
  pages={15234--15241},
  year={2023}
}

@article{compliance2023automation,
  title={Automated Compliance Checking in Software Systems: Methods and Tools},
  author={Garcia, L. and Kim, S. and O'Connor, M.},
  journal={Software: Practice and Experience},
  volume={53},
  number={8},
  pages={1654--1672},
  year={2023},
  publisher={Wiley}
}

@inproceedings{multiagent2023simulation,
  title={Simulation Frameworks for Multi-Agent System Evaluation: A Comparative Study},
  author={Liu, X. and Nguyen, T. and Rodriguez, E.},
  booktitle={Proceedings of the International Joint Conference on Artificial Intelligence},
  pages={4567--4574},
  year={2023}
}